<record><leader>00000cas a2200000 a 4500</leader><controlfield tag="001">14366564</controlfield><controlfield tag="008">861009d183918uutxuwr ne      0    0eng c</controlfield><datafield ind1=" " ind2=" " tag="010"><subfield code="a">sn 86089475 </subfield></datafield><datafield ind1=" " ind2=" " tag="040"><subfield code="a">PPM</subfield><subfield code="b">eng</subfield><subfield code="c">PPM</subfield><subfield code="d">CVF</subfield><subfield code="d">OCLCQ</subfield><subfield code="d">OCLCF</subfield><subfield code="d">OCLCO</subfield></datafield><datafield ind1=" " ind2=" " tag="042"><subfield code="a">pcc</subfield></datafield><datafield ind1=" " ind2=" " tag="043"><subfield code="a">n-us-tx</subfield></datafield><datafield ind1="0" ind2=" " tag="130"><subfield code="a">Red-lander (San Augustine, Tex. : 1839)</subfield></datafield><datafield ind1="1" ind2="4" tag="245"><subfield code="a">The red-lander.</subfield></datafield><datafield ind1=" " ind2=" " tag="260"><subfield code="a">San Augustine, Tex. :</subfield><subfield code="b">W.W. Parker</subfield></datafield><datafield ind1=" " ind2=" " tag="300"><subfield code="a">v. ;</subfield><subfield code="c">56 cm.</subfield></datafield><datafield ind1=" " ind2=" " tag="310"><subfield code="a">Weekly</subfield></datafield><datafield ind1="1" ind2=" " tag="362"><subfield code="a">Began in 1839.</subfield></datafield><datafield ind1=" " ind2=" " tag="588"><subfield code="a">Description based on: Vol. 1, no. 46 (Oct. 5, 1839).</subfield></datafield><datafield ind1=" " ind2="0" tag="651"><subfield code="a">San Augustine (Tex.)</subfield><subfield code="v">Newspapers.</subfield></datafield><datafield ind1=" " ind2="7" tag="655"><subfield code="a">Newspapers.</subfield><subfield code="2">fast</subfield><subfield code="0">(OCoLC)fst01423814</subfield></datafield><datafield ind1=" " ind2="7" tag="651"><subfield code="a">Texas</subfield><subfield code="z">San Augustine.</subfield><subfield code="2">fast</subfield><subfield code="0">(OCoLC)fst01229179</subfield></datafield><datafield ind1=" " ind2=" " tag="752"><subfield code="a">United States</subfield><subfield code="b">Texas</subfield><subfield code="c">San Augustine</subfield><subfield code="d">San Augustine.</subfield></datafield></record>